%% This BibTeX bibliography file was created using BibDesk.
%% http://bibdesk.sourceforge.net/

%% Created for Ali Zarezade at 1397-03-18 12:51:24 +0430 


%% Saved with string encoding Unicode (UTF-8) 


@inproceedings{zarezade2015correlated,
	Author = {Zarezade, A. and Khodadadi, A. and Farajtabar, M. and Rabiee, H. R. and Zha, H.},
	Booktitle = {Proceedings of the 31st AAAI Conference on Artificial Intelligence},
	Title = {Correlated Cascades: Compete or Cooperate},
    Pages={238--244},
	Year = {2017}}

@article{zarezade2018recurrent,
  title={Recurrent spatio-temporal modeling of check-ins in location-based social networks},
  author={Zarezade, Ali and Jafarzadeh, Sina and Rabiee, Hamid R},
  journal={PloS one},
  volume={13},
  number={5},
  pages={e0197683},
  year={2018},
  publisher={Public Library of Science}
}

@conference{zarezade2017redqueen,
	Author = {A. Zarezade and U. Upadhyay and H. R. Rabiee and Gomez-Rodriguez, M.},
	Booktitle = {Proceedings of the 10th ACM International Conference on Web Search and Data Mining},
	Title = {RedQueen: An Online Algorithm for Smart Broadcasting in Social Networks},
	pages={51--60},
	Year = {2017}}

@conference{zarezade2017cheshire,
  title={Cheshire: An online algorithm for activity maximization in social networks},
  author={Zarezade, Ali and De, Abir and Rabiee, Hamid and Rodriguez, Manuel Gomez},
  booktitle={55th Annual Allerton Conference on Communication, Control, and Computing},
  year={2017}
}

@article{zarezade2018steering,
	Author = {Zarezade, Ali and De, Abir and Upadhyay, Utkarsh and  Rabiee, Hamid R and Gomez-Rodriguez, Manuel},
	Journal = {Journal of Machine Learning Research},
	Title = {Steering Social Activity: A Stochastic Optimal Control Point Of View},
	volume = {18},
	pages = {205:1--205:35},
	Year = {2018}}


@inproceedings{hosseini2016hnp3,
	Author = {Hosseini, Seyed Abbas and Khodadadi, Ali and Arabzadeh, Ali and Rabiee, Hamid R},
	Booktitle = {Data Mining (ICDM), 2016 IEEE 16th International Conference on},
	Organization = {IEEE},
	Pages = {943--948},
	Title = {HNP3: A hierarchical nonparametric point process for modeling content diffusion over social media},
	Year = {2016}}

@inproceedings{xiao2017modeling,
	Author = {Xiao, Shuai and Yan, Junchi and Yang, Xiaokang and Zha, Hongyuan and Chu, Stephen M},
	Booktitle = {Proceedings of the 31st AAAI Conference on Artificial Intelligence},
	Pages = {1597--1603},
	Title = {Modeling the Intensity Function of Point Process Via Recurrent Neural Networks.},
	Year = {2017}}

@article{cho2014latent,
	Author = {Yoon-Sik Cho and Aram Galstyan and P. Jeffrey Brantingham and George Tita},
	Date-Modified = {1397-03-15 11:59:54 +0000},
	Journal = {Discrete and Continuous Dynamical Systems - Series B},
	Number = {5},
	Pages = {1335-1354},
	Title = {Latent self-exciting point process model for spatial-temporal networks},
	Volume = {19},
	Year = {2014}}

@article{bao2014recommendations,
	Author = {Jie Bao, Yu Zheng, David Wilkie, Mohamed F. Mokbel},
	Chapter = {3},
	Journal = {GeoInformatica},
	Month = {November},
	Pages = {525-565},
	Publisher = {Springer},
	Title = {Recommendations in Location-based Social Networks: A Survey},
	Volume = {19},
	Year = {2014}}

@article{andris2016integrating,
	Author = {Andris, Clio},
	Journal = {International Journal of Geographical Information Science},
	Number = {10},
	Pages = {2009--2031},
	Publisher = {Taylor \& Francis},
	Title = {Integrating social network data into GISystems},
	Volume = {30},
	Year = {2016}}

@article{li2017social,
	Author = {Li, Quan and Wei, Wenbo and Xiong, Nian and Feng, Daici and Ye, Xinyue and Jiang, Yongsheng},
	Journal = {Sustainability},
	Number = {3},
	Pages = {384},
	Publisher = {Multidisciplinary Digital Publishing Institute},
	Title = {Social media research, human behavior, and sustainable society},
	Volume = {9},
	Year = {2017}}

@article{zheng2010geolife,
	Author = {Yu Zheng, Xing Xie, Wei-Ying Ma},
	Journal = {IEEE Data(base) Engineering Bulletin},
	Number = {2},
	Pages = {32--39},
	Publisher = {IEEE},
	Title = {GeoLife: A Collaborative Social Networking Service among User, Location and Trajectory.},
	Volume = {33},
	Year = {2010}}

@book{zheng2011location,
	Author = {Zheng, Yu},
	Publisher = {Springer},
	Title = {Location-based social networks: Users. Computing with Spatial Trajectories, Yu Zheng and Xiaofang Zhou, Eds},
	Year = {2011}}

@article{Keiding2014,
	Author = {Niels Keiding},
	Journal = {Annual Review of Statistics and Its Application},
	Number = {1},
	Pages = {333-360},
	Title = {Event History Analysis},
	Volume = {1},
	Year = {2014}}

@article{gabriel2013stpp,
	Author = {Gabriel, Edith and Rowlingson, Barry and Diggle, P},
	Journal = {Journal of Statistical Software},
	Number = {2},
	Pages = {1--29},
	Title = {stpp: an R package for plotting, simulating and analyzing Spatio-Temporal Point Patterns},
	Volume = {53},
	Year = {2013}}

@techreport{lewis1978simulation,
	Author = {Lewis, Peter A and Shedler, Gerald S},
	Institution = {DTIC Document},
	Title = {Simulation of nonhomogeneous Poisson processes by thinning},
	Year = {1978}}

@article{dassios2013exact,
	Author = {Dassios, Angelos and Zhao, Hongbiao and others},
	Journal = {Electronic Communications in Probability},
	Number = {62},
	Publisher = {Institute of Mathematical Statistics},
	Title = {Exact simulation of Hawkes process with exponentially decaying intensity},
	Volume = {18},
	Year = {2013}}

@article{zhu2013nonlinear,
	Author = {Zhu, Lingjiong},
	Journal = {arXiv preprint arXiv:1304.7531},
	Title = {Nonlinear Hawkes processes},
	Year = {2013}}

@book{cox1980point,
	Author = {Cox, David Roxbee and Isham, Valerie},
	Publisher = {CRC Press},
	Title = {Point processes},
	Year = {1980}}

@article{cox1955some,
	Author = {Cox, David Roxbee},
	Journal = {Journal of the Royal Statistical Society. Series B (Methodological)},
	Pages = {129--164},
	Publisher = {JSTOR},
	Title = {Some statistical methods connected with series of events},
	Year = {1955}}

@book{gusak2010theory,
	Author = {Gusak, Dmytro and Kukush, Alexander and Kulik, Alexey and Mishura, Yuliya and Pilipenko, Andrey},
	Publisher = {Springer New York},
	Title = {Theory of Stochastic Processes},
	Year = {2010}}

@book{williams1991probability,
	Author = {Williams, David},
	Publisher = {Cambridge university press},
	Title = {Probability with martingales},
	Year = {1991}}

@misc{shalizialmost,
	Author = {Shalizi, CR and Kontorovich, A},
	Title = {Almost None of the Theory of Stochastic Processes A Course on Random Processes, 2010}}

@article{zheng2015trajectory,
	Author = {Zheng, Yu},
	Journal = {ACM Transactions on Intelligent Systems and Technology (TIST)},
	Number = {3},
	Pages = {1--41},
	Publisher = {ACM},
	Title = {Trajectory data mining: an overview},
	Volume = {6},
	Year = {2015}}

@inproceedings{wei2012constructing,
	Author = {Wei, Ling-Yin and Zheng, Yu and Peng, Wen-Chih},
	Booktitle = {Proceedings of the 18th ACM SIGKDD International Conference on Knowledge Discovery and Data Mining},
	Organization = {ACM},
	Pages = {195--203},
	Title = {Constructing popular routes from uncertain trajectories},
	Year = {2012}}

@inproceedings{liu2011route,
	Author = {Liu, Hechen and Wei, Ling-Yin and Zheng, Yu and Schneider, Markus and Peng, Wen-Chih},
	Booktitle = {Data Mining Workshops (ICDMW), 2011 IEEE 11th International Conference on},
	Organization = {IEEE},
	Pages = {1239--1242},
	Title = {Route discovery from mining uncertain trajectories},
	Year = {2011}}

@inproceedings{zheng2009mining,
	Author = {Zheng, Yu and Zhang, Lizhu and Xie, Xing and Ma, Wei-Ying},
	Booktitle = {Proceedings of the 18th International Conference on World Wide Web},
	Organization = {ACM},
	Pages = {791--800},
	Title = {Mining interesting locations and travel sequences from GPS trajectories},
	Year = {2009}}

@inproceedings{bao2012location,
	Author = {Bao, Jie and Zheng, Yu and Mokbel, Mohamed F},
	Booktitle = {Proceedings of the 20th International Conference on Advances in Geographic Information Systems},
	Organization = {ACM},
	Pages = {199--208},
	Title = {Location-based and preference-aware recommendation using sparse geo-social networking data},
	Year = {2012}}

@inproceedings{zheng2010collaborative,
	Author = {Zheng, Vincent W and Zheng, Yu and Xie, Xing and Yang, Qiang},
	Booktitle = {Proceedings of the 19th International Conference on World Wide Web},
	Organization = {ACM},
	Pages = {1029--1038},
	Title = {Collaborative location and activity recommendations with gps history data},
	Year = {2010}}

@article{xiao2014inferring,
	Author = {Xiao, Xiangye and Zheng, Yu and Luo, Qiong and Xie, Xing},
	Journal = {Journal of Ambient Intelligence and Humanized Computing},
	Number = {1},
	Pages = {3--19},
	Publisher = {Springer},
	Title = {Inferring social ties between users with human location history},
	Volume = {5},
	Year = {2014}}

@inproceedings{xiao2010finding,
	Author = {Xiao, Xiangye and Zheng, Yu and Luo, Qiong and Xie, Xing},
	Booktitle = {Proceedings of the 18th SIGSPATIAL International Conference on Advances in Geographic Information Systems},
	Organization = {ACM},
	Pages = {442--445},
	Title = {Finding similar users using category-based location history},
	Year = {2010}}

@inproceedings{zheng2012tutorial,
	Author = {Zheng, Yu},
	Booktitle = {Proceedings of the 21st International Conference on World Wide Web},
	Title = {Tutorial on location-based social networks},
	Volume = {12},
	Number={5},
	Year = {2012}}

@book{zheng2011computing,
	Author = {Zheng, Yu and Zhou, Xiaofang},
	Publisher = {Springer Science \& Business Media},
	Title = {Computing with spatial trajectories},
	Year = {2011}}

@phdthesis{Ahmed2011,
	Author = {Amr Ahmed},
	School = {School of Computer Science, Carnegie Mellon University},
	Title = {Modeling Users and Content: Structured Probabilistic Representation, and Scalable Online Inference Algorithms},
	Year = 2011}

@phdthesis{WilliamsPhD,
	Author = {Matthew James Williams},
	School = {Cardiff University},
	Title = {Periodic patterns in human mobility},
	Year = 2013}

@article{porter2012self,
	Author = {Porter, Michael D and White, Gentry and others},
	Journal = {The Annals of Applied Statistics},
	Number = {1},
	Pages = {106--124},
	Publisher = {Institute of Mathematical Statistics},
	Title = {Self-exciting hurdle models for terrorist activity},
	Volume = {6},
	Year = {2012}}

@article{marsan2008extending,
	Author = {Marsan, David and Lenglin{\'e}, Olivier},
	Journal = {Science},
	Number = {5866},
	Pages = {1076--1079},
	Publisher = {American Association for the Advancement of Science},
	Title = {Extending earthquakes' reach through cascading},
	Volume = {319},
	Year = {2008}}

@article{zhuang2006second,
	Author = {Zhuang, Jiancang},
	Journal = {Journal of the Royal Statistical Society: Series B (Statistical Methodology)},
	Number = {4},
	Pages = {635--653},
	Publisher = {Wiley Online Library},
	Title = {Second-order residual analysis of spatiotemporal point processes and applications in model evaluation},
	Volume = {68},
	Year = {2006}}

@article{lu1999linked,
	Author = {Lu, Chunsheng and Harte, David and Bebbington, Mark},
	Journal = {Earth, planets and space},
	Number = {9},
	Pages = {907--916},
	Publisher = {Springer},
	Title = {A linked stress release model for historical Japanese earthquakes: coupling among major seismic regions},
	Volume = {51},
	Year = {1999}}

@phdthesis{SchoenbergPhD,
	Author = {Frederic Paik Schoenberg},
	School = {University of California, Berkeley},
	Title = {Assessment of Multi-dimensional Point Processes},
	Year = 1997}

@article{xiaogu1994further,
	Author = {Xiaogu, Zheng and Vere-Jones, David},
	Journal = {Tectonophysics},
	Number = {1},
	Pages = {101--121},
	Publisher = {Elsevier},
	Title = {Further applications of the stochastic stress release model to historical earthquake data},
	Volume = {229},
	Year = {1994}}

@article{Rathbun1993,
	Author = {Stephen L. Rathbun},
	Journal = {Bulletin of the International Statistical Institute},
	Pages = {379--396},
	Title = {Modeling marked spatio-temporal point patterns},
	Year = {1993}}

@inproceedings{hong2012discovering,
	Author = {Hong, Liangjie and Ahmed, Amr and Gurumurthy, Siva and Smola, Alexander J and Tsioutsiouliklis, Kostas},
	Booktitle = {Proceedings of the 21st International Conference on World Wide Web},
	Organization = {ACM},
	Pages = {769--778},
	Title = {Discovering geographical topics in the twitter stream},
	Year = {2012}}

@article{mohler2012self,
  title={Self-exciting point process modeling of crime},
  author={Mohler, George O and Short, Martin B and Brantingham, P Jeffrey and Schoenberg, Frederic Paik and Tita, George E},
  journal={Journal of the American Statistical Association},
  volume={106},
  number={493},
  pages={100--108},
  year={2011},
  publisher={Taylor \& Francis}
}

@inproceedings{abrahao2013trace,
	Author = {Abrahao, Bruno and Chierichetti, Flavio and Kleinberg, Robert and Panconesi, Alessandro},
	Booktitle = {Proceedings of the 19th ACM SIGKDD International Conference on Knowledge Discovery and Data Mining},
	Organization = {ACM},
	Pages = {491--499},
	Title = {Trace complexity of network inference},
	Year = {2013}}

@inproceedings{netrapalli2012learning,
	Author = {Netrapalli, Praneeth and Sanghavi, Sujay},
	Booktitle = {ACM SIGMETRICS Performance Evaluation Review},
	Number = {1},
	Organization = {ACM},
	Pages = {211--222},
	Title = {Learning the graph of epidemic cascades},
	Volume = {40},
	Year = {2012}}

@book{liggett2012interacting,
	Author = {Liggett, Thomas},
	Publisher = {Springer Science \& Business Media},
	Title = {Interacting particle systems},
	Volume = {276},
	Year = {2012}}

@article{pastor2001epidemic,
	Author = {Pastor-Satorras, Romualdo and Vespignani, Alessandro},
	Journal = {Physical review letters},
	Number = {14},
	Pages = {3200},
	Publisher = {APS},
	Title = {Epidemic spreading in scale-free networks},
	Volume = {86},
	Year = {2001}}

@book{brauer2001mathematical,
	Author = {Brauer, Fred and Castillo-Chavez, Carlos and Castillo-Chavez, Carlos},
	Publisher = {Springer},
	Title = {Mathematical models in population biology and epidemiology},
	Volume = {1},
	Year = {2001}}

@inproceedings{lloyd2012random,
	Author = {Lloyd, James and Orbanz, Peter and Ghahramani, Zoubin and Roy, Daniel M},
	Booktitle = {Advances in Neural Information Processing Systems},
	Title = {Random function priors for exchangeable arrays with applications to graphs and relational data},
	pages={998--1006},
	Year = {2012}}

@inproceedings{lloyd2014variational,
	Author = {Lloyd, Chris and Gunter, Tom and Osborne, Michael A and Roberts, Stephen J},
	Booktitle = {Proceedings of the 32th International Conference on Machine Learning},
	Pages = {1814--1822},
	Title = {Variational inference for Gaussian process modulated Poisson processes},
	Year = {2015}}

@inproceedings{ahmed2011online,
	Author = {Ahmed, Amr and Ho, Qirong and Teo, Choon H and Eisenstein, Jacob and Xing, Eric P and Smola, Alex J},
	Booktitle = {International Conference on Artificial Intelligence and Statistics},
	Title = {Online inference for the infinite topic-cluster model: Storylines from streaming text},
	Year = {2011}}

@inproceedings{cho2014where,
	Author = {Cho, Yoon-Sik and Steeg, GV and Galstyan, Aram},
	Booktitle = {Proceedings of the 28th AAAI Conference on Artificial Intelligence},
	Pages = {269--275},
	Title = {Where and why users ``check in''},
	Volume = {14},
	Year = {2014}}

@inproceedings{cho2011friendship,
	Author = {Cho, Eunjoon and Myers, Seth A and Leskovec, Jure},
	Booktitle = {Proceedings of the 17th ACM SIGKDD International Conference on Knowledge Discovery and Data Mining},
	Organization = {ACM},
	Pages = {1082--1090},
	Title = {Friendship and mobility: user movement in location-based social networks},
	Year = {2011}}

@article{baddeley2007spatial,
	Author = {Baddeley, Adrian and B{\'a}r{\'a}ny, Imre and Schneider, Rolf},
	Journal = {Stochastic Geometry: Lectures given at the CIME Summer School held in Martina Franca, Italy, September 13--18, 2004},
	Pages = {1--75},
	Publisher = {Springer},
	Title = {Spatial point processes and their applications},
	Year = {2007}}

@article{roberts2013gaussian,
	Author = {Roberts, S and Osborne, M and Ebden, M and Reece, S and Gibson, N and Aigrain, S},
	Journal = {Philosophical Transactions of the Royal Society of London A: Mathematical, Physical and Engineering Sciences},
	Number = {1984},
	Pages = {20110550},
	Publisher = {The Royal Society},
	Title = {Gaussian processes for time-series modelling},
	Volume = {371},
	Year = {2013}}

@article{farajtabar2015coevolve,
	Author = {Farajtabar, Mehrdad and Wang, Yichen and Rodriguez, Manuel Gomez and Li, Shuang and Zha, Hongyuan and Song, Le},
	Journal = {arXiv preprint arXiv:1507.02293},
	Title = {COEVOLVE: A Joint Point Process Model for Information Diffusion and Network Co-evolution},
	Year = {2015}}

@inproceedings{He2012,
	Author = {He, Xinran and Song, Guojie and Chen, Wei and Jiang, Qingye},
	Booktitle = {SDM},
	Organization = {SIAM},
	Pages = {463--474},
	Title = {Influence Blocking Maximization in Social Networks under the Competitive Linear Threshold Model},
	Year = {2012}}

@inproceedings{Pathak2010,
	Author = {Pathak, Nishith and Banerjee, Arindam and Srivastava, Jaideep},
	Booktitle = {IEEE International Conference on Data Mining},
	Organization = {IEEE},
	XXXPages = {965--970},
	Title = {A generalized linear threshold model for multiple cascades},
	Year = {2010}}

@article{Lu2015,
	Author = {Lu, Wei and Chen, Wei and Lakshmanan, Laks VS},
	Journal = {arXiv preprint arXiv:1507.00317},
	Title = {From Competition to Complementarity: Comparative Influence Diffusion and Maximization},
	Year = {2015}}

@inproceedings{Rodriguez2010structure,
	Author = {Gomez-Rodriguez, Manuel and Leskovec, Jure and Sch{\"o}lkopf, Bernhard},
	Booktitle = {Proceedings of the 6th ACM International Conference on Web Search and Data Mining (WSDM)},
	Date-Modified = {1397-03-15 11:38:29 +0000},
	Organization = {ACM},
	Pages = {23--32},
	Title = {Structure and dynamics of information pathways in online media},
	Year = {2013}}

@inproceedings{Rodriguez2010,
	Author = {Gomez Rodriguez, Manuel and Leskovec, Jure and Krause, Andreas},
	Booktitle = {Proceedings of the 16th ACM SIGKDD International Conference on Knowledge Discovery and Data Mining},
	Organization = {ACM},
	Pages = {1019--1028},
	Title = {Inferring networks of diffusion and influence},
	Year = {2010}}

@phdthesis{Rodriguez2013phd,
	Author = {Manuel Gomez-Rodriguez},
	Date-Modified = {1397-03-15 11:37:27 +0000},
	School = {Stanford University},
	Title = {Structure and Dynamics of Diffusion Networks},
	Year = {2013}}

@article{Moreno2002,
	Author = {Moreno, Yamir and Pastor-Satorras, Romualdo and Vespignani, Alessandro},
	Journal = {The European Physical Journal B-Condensed Matter and Complex Systems},
	Number = {4},
	Pages = {521--529},
	Publisher = {Springer},
	Title = {Epidemic outbreaks in complex heterogeneous networks},
	Volume = {26},
	Year = {2002}}

@inproceedings{Kempe2003,
	Author = {Kempe, David and Kleinberg, Jon and Tardos, {\'E}va},
	Booktitle = {Proceedings of the ninth ACM SIGKDD International Conference on Knowledge Discovery and Data Mining},
	Organization = {ACM},
	Pages = {137--146},
	Title = {Maximizing the spread of influence through a social network},
	Year = {2003}}

@article{Vespignani2012,
	Author = {Vespignani, Alessandro},
	Journal = {Nature Physics},
	Number = {1},
	Pages = {32--39},
	Publisher = {Nature Publishing Group},
	Title = {Modelling dynamical processes in complex socio-technical systems},
	Volume = {8},
	Year = {2012}}

@article{Hodas2014,
	Author = {Hodas, Nathan O and Lerman, Kristina},
	Journal = {Scientific reports},
	Publisher = {Nature Publishing Group},
	Title = {The simple rules of social contagion},
	Volume = {4},
	number = {4343},
	Year = {2014}}

@article{Weng2012,
	Author = {Weng, Lillian and Flammini, Alessandro and Vespignani, Alessandro and Menczer, Fillipo},
	Journal = {Scientific reports},
	Publisher = {Nature Publishing Group},
	Title = {Competition among memes in a world with limited attention},
	Volume = {2},
	Year = {2012}}

@inproceedings{Simma2010,
	Author = {Aleksandr Simma and Michael I. Jordan},
	Booktitle = {Proceedings of the Twenty-Sixth Conference on Uncertainty in Artificial Intelligence},
	Pages = {546--555},
	Title = {Modeling Events with Cascades of Poisson Processes},
    Pages = {546--555},
	Year = {2010}}

@inproceedings{Myers2012,
	Author = {Myers, Seth A and Leskovec, Jure},
	Booktitle = {Data Mining (ICDM), 2012 IEEE 12th International Conference on},
	Organization = {IEEE},
	Pages = {539--548},
	Title = {Clash of the contagions: Cooperation and competition in information diffusion},
	Year = {2012}}

@article{Dubois2013,
	Author = {DuBois, Christopher and Butts, Carter T and McFarland, Daniel and Smyth, Padhraic},
	Journal = {Journal of Mathematical Psychology},
	Number = {6},
	Pages = {297--309},
	Publisher = {Elsevier},
	Title = {Hierarchical models for relational event sequences},
	Volume = {57},
	Year = {2013}}

@inproceedings{Zhou2013a,
	Author = {Zhou, Ke and Zha, Hongyuan and Song, Le},
	Booktitle = {International Conference on Artificial Intelligence and Statistics},
	Title = {Learning social infectivity in sparse low-rank networks using multi-dimensional hawkes processes},
	Year = {2013}}

@article{ogata1988statistical,
	Author = {Ogata, Yosihiko},
	Journal = {Journal of the American Statistical Association},
	Number = {401},
	Pages = {9--27},
	Publisher = {Taylor \& Francis Group},
	Title = {Statistical models for earthquake occurrences and residual analysis for point processes},
	Volume = {83},
	Year = {1988}}

@article{ogata1998space,
	Author = {Ogata, Yosihiko},
	Journal = {Annals of the Institute of Statistical Mathematics},
	Number = {2},
	Pages = {379--402},
	Publisher = {Springer},
	Title = {Space-time point-process models for earthquake occurrences},
	Volume = {50},
	Year = {1998}}

@article{ogata1981,
	Author = {Ogata, Yosihiko},
	Date-Modified = {1397-03-17 09:11:52 +0000},
	Journal = {Information Theory, IEEE Transactions on},
	Number = {1},
	Pages = {23--31},
	Publisher = {IEEE},
	Title = {On Lewis' simulation method for point processes},
	Volume = {27},
	Year = {1981}}

@article{Leskovec2010,
	Author = {Leskovec, Jure and Chakrabarti, Deepayan and Kleinberg, Jon and Faloutsos, Christos and Ghahramani, Zoubin},
	Journal = {The Journal of Machine Learning Research},
	Pages = {985--1042},
	Publisher = {JMLR. org},
	Title = {Kronecker graphs: An approach to modeling networks},
	Volume = {11},
	Year = {2010}}

@article{Granovetter1973,
	Author = {Granovetter, Mark S},
	Journal = {American journal of sociology},
	Pages = {1360--1380},
	Publisher = {JSTOR},
	Title = {The strength of weak ties},
	Year = {1973}}

@article{Mcadam1993,
	Author = {McAdam, Doug and Paulsen, Ronnelle},
	Journal = {American journal of sociology},
	Pages = {640--667},
	Publisher = {JSTOR},
	Title = {Specifying the relationship between social ties and activism},
	Year = {1993}}

@phdthesis{Rasmussen2006,
	Author = {Rasmussen, Jakob Gulddahl},
	School = {Department of Mathematical Science, Aalborg University},
	Title = {Aspects of temporal and spatio-temporal processes},
	Year = {2006}}

@book{Kallenberg2006,
	Author = {Kallenberg, Olav},
	Publisher = {Springer Science \& Business Media},
	Title = {Foundations of modern probability},
	Year = {2006}}

@article{Gomez2015,
  author    = {Manuel Gomez{-}Rodriguez and
               Le Song and
               Hadi Daneshmand and
               Bernhard Sch{\"{o}}lkopf},
  title     = {Estimating Diffusion Networks: Recovery Conditions, Sample Complexity
               and Soft-thresholding Algorithm},
  journal   = {Journal of Machine Learning Research},
  volume    = {17},
  pages     = {90:1--90:29},
  year      = {2016}
}


@inproceedings{Du2013,
	Author = {Du, Nan and Song, Le and Gomez-Rodriguez, Manuel and Zha, Hongyuan},
	Booktitle = {Advances in Neural Information Processing Systems},
	Title = {Scalable influence estimation in continuous-time diffusion networks},
	pages={3147--3155},
	Year = {2013}}

@inproceedings{Du2014,
	Author = {Nan Du and Yingyu Liang and Maria-Florina Balcan and Le Song},
	Booktitle = {Advances in Neural Information Processing Systems},
	Title = {Learning Time-Varying Converage Functions},
	pages={3374--3382},
	Year = {2014}}

@book{Barabasi2015,
	Author = {Albert Laszlo Barabasi},
	Publisher = {Cambridge university press},
	Title = {Network Science},
	Year = {2015}}

@article{Porter2014,
	Author = {Porter, Mason A and Gleeson, James P},
	Journal = {arXiv preprint arXiv:1403.7663},
	Title = {Dynamical systems on networks: A tutorial},
	Year = {2014}}

@article{Bartlett1963,
	Author = {Bartlett, MS},
	Journal = {Journal of the Royal Statistical Society. Series B (Methodological)},
	Pages = {264--296},
	Publisher = {JSTOR},
	Title = {The spectral analysis of point processes},
	Year = {1963}}

@article{hawkes1971point,
	Author = {Hawkes, Alan G},
	Journal = {Journal of the Royal Statistical Society. Series B (Methodological)},
	Pages = {438--443},
	Publisher = {JSTOR},
	Title = {Point spectra of some mutually exciting point processes},
	Year = {1971}}

@article{Hawkes1971,
	Author = {Hawkes, Alan G},
	Journal = {Biometrika},
	Number = {1},
	Pages = {83--90},
	Publisher = {Biometrika Trust},
	Title = {Spectra of some self-exciting and mutually exciting point processes},
	Volume = {58},
	Year = {1971}}

@article{Bacry2014,
	Author = {Bacry, Emmanuel and Muzy, Jean-Francois},
	Journal = {arXiv preprint arXiv:1401.0903},
	Title = {Second order statistics characterization of Hawkes processes and non-parametric estimation},
	Year = {2014}}

@article{Bremaud1996,
	Author = {Br{\'e}maud, Pierre and Massouli{\'e}, Laurent},
	Journal = {The Annals of Probability},
	Pages = {1563--1588},
	Publisher = {JSTOR},
	Title = {Stability of nonlinear Hawkes processes},
	Year = {1996}}

@article{Zhu2014,
	Author = {Jun Zhu and Jianfei Chen and Wenbo Hu},
	Bibsource = {dblp computer science bibliography, http://dblp.org},
	Biburl = {http://dblp.uni-trier.de/rec/bib/journals/corr/Zhu0H14},
	Journal = {CoRR},
	Timestamp = {Mon, 01 Dec 2014 14:32:13 +0100},
	Title = {Big Learning with Bayesian Methods},
	Url = {http://arxiv.org/abs/1411.6370},
	Volume = {abs/1411.6370},
	Year = {2014},
	Bdsk-Url-1 = {http://arxiv.org/abs/1411.6370}}

@inproceedings{Farajtabar2014,
	Author = {Farajtabar, Mehrdad and Du, Nan and Gomez-Rodriguez, Manuel and Valera, Isabel and Zha, Hongyuan and Song, Le},
	Booktitle = {Advances in neural information processing systems},
	Title = {Shaping social activity by incentivizing users},
	pages={2474--2482},
	Year = {2014}}

@inproceedings{Cheng2014,
	Author = {Cheng, Justin and Adamic, Lada and Dow, P Alex and Kleinberg, Jon Michael and Leskovec, Jure},
    booktitle={Proceedings of the 23rd International Conference on World Wide Web},
	Pages = {925--936},
	Title = {Can cascades be predicted?},
	Year = {2014}}

@article{Griffiths2011,
	Author = {Griffiths, Thomas L and Ghahramani, Zoubin},
	Journal = {Journal of Machine Learning Research},
	Pages = {1185--1224},
	Publisher = {JMLR. org},
	Title = {The indian buffet process: An introduction and review},
	Volume = {12},
	Year = {2011}}

@inproceedings{Zhou2013,
	Author = {Zhou, Ke and Zha, Hongyuan and Song, Le},
	Booktitle = {Proceedings of the 30th International Conference on Machine Learning},
	Pages = {1301--1309},
	Title = {Learning triggering kernels for multi-dimensional Hawkes processes},
	Year = {2013}}

@inproceedings{Rodriguez2011,
	Author = {Manuel Gomez Rodriguez and David Balduzzi and Bernhard Sch\"{o}lkopf},
	Booktitle = {Proceedings of the 28th International Conference on Machine Learning},
	Pages = {561--568},
	Title = {Uncovering the Temporal Dynamics of Diffusion Networks},
	Year = {2011}}

@inproceedings{Iwata2013,
	Author = {Iwata, Tomoharu and Shah, Amar and Ghahramani, Zoubin},
	Booktitle = {Proceedings of the 19th ACM SIGKDD International Conference on Knowledge Discovery and Data Mining},
	Organization = {ACM},
	Pages = {266--274},
	Title = {Discovering latent influence in online social activities via shared cascade poisson processes},
	Year = {2013}}

@inproceedings{Blundell2012,
	Author = {Blundell, Charles and Beck, Jeff and Heller, Katherine A},
	Booktitle = {Advances in Neural Information Processing Systems},
	Title = {Modelling reciprocating relationships with Hawkes processes},
	Year = {2012}}

@inproceedings{linderman2014discovering,
	Author = {Linderman, Scott and Adams, Ryan},
	Booktitle = {Proceedings of The 31st International Conference on Machine Learning},
	Pages = {1413--1421},
	Title = {Discovering Latent Network Structure in Point Process Data},
	Year = {2014}}

@book{Kingman1992,
	Author = {Kingman, John Frank Charles},
	Publisher = {Oxford university press},
	Title = {Poisson processes},
	Year = {1992}}

@misc{Rasmussen2011,
	Author = {Rasmussen, Jakob G},
	Publisher = {January},
	Title = {Temporal point processes the conditional intensity function},
	Year = {2011}}

@article{Orbanz2013,
	Author = {Orbanz, Peter and Roy, Daniel M},
	Journal = {arXiv preprint arXiv:1312.7857},
	Title = {Bayesian models of graphs, arrays and other exchangeable random structures},
	Year = {2013}}

@inproceedings{Ren2011,
	Author = {Ren, Lu and Wang, Yingjian and Carin, Lawrence and Dunson, David B},
	Booktitle = {Advances in Neural Information Processing Systems},
	Title = {The kernel beta process},
	Year = {2011}}

@book{Williams1991,
	Author = {Williams, David},
	Publisher = {Cambridge university press},
	Title = {Probability with martingales},
	Year = {1991}}

@inproceedings{Saeedi2011,
	Author = {Saeedi, Ardavan and Bouchard-C{\^o}t{\'e}, Alexandre},
	Booktitle = {Advances in Neural Information Processing Systems},
	Title = {Priors over recurrent continuous time processes},
	Year = {2011}}

@inproceedings{Mishra2016,
	Author = {Mishra, S. and Rizoiu, M. and Xie, L.},
	Booktitle = {Proceedings of the 25th ACM International on Conference on Information and Knowledge Management},
	Series = {CIKM '16},
	Title = {Feature Driven and Point Process Approaches for Popularity Prediction},
	pages={1069--1078},
	Year = {2016}}

@inproceedings{farajtabar2016msc,
	Author = {Farajtabar, M. and Ye, X. and Harati, S. and Song, L. and Zha, H.},
	Booktitle = {Advances in Neural Information Processing Systems},
	Title = {Multistage campaigning in social networks},
	pages={4718--4726},
	Year = {2016}}

@inproceedings{jankowiak2017uncovering,
	Author = {Jankowiak, M. and Gomez-Rodriguez, M.},
	Booktitle = {Proceedings of the 2017 SIAM International Conference on Data Mining},
	Organization = {SIAM},
	Pages = {822--830},
	Title = {Uncovering the spatiotemporal patterns of collective social activity},
	Year = {2017}}

@article{stone1948,
	Author = {Stone, M. H.},
	Journal = {Mathematics Magazine},
	Number = {5},
	Pages = {237--254},
	Title = {The generalized Weierstrass approximation theorem},
	Volume = {21},
	Year = {1948}}

@book{sethi2006optimal,
	Author = {Sethi, S.P. and Thompson, G.L.},
	Isbn = {9780387299037},
	Publisher = {Springer US},
	Title = {Optimal Control Theory: Applications to Management Science and Economics},
	Url = {https://books.google.com/books?id=WrbkBwAAQBAJ},
	Year = {2006},
	Bdsk-Url-1 = {https://books.google.com/books?id=WrbkBwAAQBAJ}}

@article{arnold1984generalized,
	Author = {Arnold, William F and Laub, Alan J},
	Journal = {Proceedings of the IEEE},
	Number = {12},
	Pages = {1746--1754},
	Publisher = {IEEE},
	Title = {Generalized eigenproblem algorithms and software for algebraic Riccati equations},
	Volume = {72},
	Year = {1984}}

@phdthesis{garrett2013,
	Author = {C. K. Garrett},
	School = {The University of Texas at Arlington},
	Title = {Numerical integration of matrix Riccati differential equations with solution singularities},
	Year = 2013}

@book{bertsekas1995dynamic,
	Author = {Bertsekas, D. P.},
	Number = {2},
	Publisher = {Athena Scientific Belmont, MA},
	Title = {Dynamic programming and optimal control},
	Volume = {1},
	Year = {1995}}

@book{bremaud1981,
	Author = {Br{\'e}maud, P},
	Publisher = {Springer-Verlag, New York},
	Title = {Point Processes and Queues: Martingale Dynamics. 1981},
	Year = {1981}}

@book{hanson2007,
	Author = {Hanson, F. B.},
	Publisher = {SIAM},
	Title = {Applied stochastic processes and control for Jump-diffusions: modeling, analysis, and computation},
	Volume = {13},
	Year = {2007}}

@inproceedings{jewell2015atomic,
	Author = {Jewell, Sean and Spencer, Neil and Bouchard-C{\^o}t{\'e}, Alexandre},
	Booktitle = {Proceedings of the 32nd International Conference on Machine Learning},
	Title = {Atomic Spatial Processes},
	Year = {2015}}

@article{linderman2015scalable,
	Author = {Linderman, Scott W and Adams, Ryan P},
	Journal = {arXiv preprint arXiv:1507.03228},
	Title = {Scalable Bayesian Inference for Excitatory Point Process Networks},
	Year = {2015}}

@inproceedings{coevolve15nips,
	Author = {Farajtabar, M. and Wang, Y. and Gomez-Rodriguez, M. and Li, S. and Zha, H. and Song, L.},
	Booktitle = {Advances in Neural Information Processing Systems},
	Title = {{COEVOLVE}: A Joint Point Process Model for Information Diffusion and Network Co-evolution},
	pages={1954--1962},
	Year = {2015}}

@inproceedings{tran2015netcodec,
	Author = {Tran, Long and Farajtabar, Mehrdad and Song, Le and Zha, Hongyuan},
	Booktitle = {Proceedings of the 2015 SIAM International Conference on Data Mining},
	Date-Modified = {1397-03-15 11:35:19 +0000},
	Title = {NetCodec: Community Detection from Individual Activities},
    Pages={91--99},
	Year = {2015}}

@article{Negahban2012,
	Author = {Negahban, S and Ravikumar, P and Wainwright, MJ and Yu, B},
	Journal = {Statistical Science},
	Number = {4},
	Pages = {538--557},
	Title = {A unified framework for the analysis of regularized M-estimators},
	Volume = {27},
	Year = {2012}}

@article{Weng2013,
	Author = {Weng, Lilian and Menczer, Filippo and Ahn, Yong-Yeol},
	Journal = {Scientific reports},
	Publisher = {Nature Publishing Group},
	Title = {Virality prediction and community structure in social networks},
	Volume = {3},
	Year = {2013}}

@book{Aalen2008,
	Author = {Aalen, O. and Borgan, O. and Gjessing, H.},
	Publisher = {Springer Science \& Business Media},
	Title = {Survival and event history analysis: a process point of view},
	Year = {2008}}

@article{Centola2007,
	Author = {Centola, Damon and Macy, Michael},
	Journal = {American Journal of Sociology},
	Number = {3},
	Pages = {702--734},
	Publisher = {JSTOR},
	Title = {Complex contagions and the weakness of long ties},
	Volume = {113},
	Year = {2007}}

@book{Daley2002,
	Author = {Daley, D.J. and Vere-Jones, D},
	Publisher = {Springer Ser. Statist., Springer, New York},
	Title = {An Introduction to the Theory of Point Processes - Vol. I},
	Year = {2002}}

@inproceedings{Du2015,
	Author = {Nan Du and Mehrdad Farajtabar and Amr Ahmed and Alex Smola and Le Song},
	Booktitle = {Proceedings of the 21st ACM SIGKDD International Conference on Knowledge Discovery and Data Mining},
	Title = {Dirichlet-Hawkes Processes with Applications to Clustering Continuous-Time Document Streams},
	Year = {2015}}

@inproceedings{Daneshmand2014,
	Author = {Daneshmand, Hadi and Gomez-Rodriguez, Manuel and Song, Le and Schoelkopf, Bernhard},
	Booktitle = {Proceedings of the 31st International Conference on Machine Learning},
	Title = {Estimating diffusion network structures: Recovery conditions, sample complexity \& soft-thresholding algorithm},
	pages={793--801},
	Year = {2014}}

@inproceedings{du13nips,
	Author = {Du, N. and Song, L. and Gomez-Rodriguez, M. and Zha, H.},
	Booktitle = {Advances in Neural Information Processing Systems},
	Title = {Scalable influence estimation in continuous-time diffusion networks},
	pages={3147--3155},
	Year = {2013}}

@article{hawkes1971spectra,
	Author = {Hawkes, A. G.},
	Journal = {Biometrika},
	Number = {1},
	Pages = {83--90},
	Publisher = {Biometrika Trust},
	Title = {Spectra of some self-exciting and mutually exciting point processes},
	Volume = {58},
	Year = {1971}}

@book{Boyd2004,
	Author = {Boyd, Stephen and Vandenberghe, Lieven},
	Publisher = {Cambridge university press},
	Title = {Convex optimization},
	Year = {2004}}

@inproceedings{Farajtabar2015,
	Author = {Farajtabar, M. and Gomez-Rodriguez, M. and Du, N. and Zamani, M. and Zha, H. and Song, L.},
	Booktitle = {International Conference on Artificial Intelligence and Statistics},
	Title = {Back to the Past: Source Identification in Diffusion Networks from Partially Observed Cascades},
    pages={925--936},
	Year = {2015}}

@article{Rodriguez2014,
	Author = {Gomez-Rodriguez, Manuel and Leskovec, Jure and Balduzzi, DAVID and Sch{\"o}lkopf, Bernhard},
	Journal = {Network Science},
	Number = {01},
	Pages = {26--65},
	Publisher = {Cambridge Univ Press},
	Title = {Uncovering the structure and temporal dynamics of information propagation},
	Volume = {2},
	Year = {2014}}

@inproceedings{Rodriguez2013,
	Author = {Gomez-Rodriguez, Manuel and Leskovec, Jure and Sch\"{o}lkopf, Bernhard},
	Booktitle = {Proceedings of the 30th International Conference on Machine Learning},
	Title = {Modeling Information Propagation with Survival Theory},
	pages={666--674},
	Year = {2013}}

@article{Linderman2014,
	Author = {Linderman, Scott W and Adams, Ryan P},
	Journal = {arXiv preprint arXiv:1402.0914},
	Title = {Discovering Latent Network Structure in Point Process Data},
	Year = {2014}}

@inproceedings{yang2013mixture,
	Author = {Yang, Shuang Hong and Zha, Hongyuan},
	Booktitle = {Proceedings of the 30th International Conference on Machine Learning},
	Title = {Mixture of mutually exciting processes for viral diffusion},
	pages={1--9},
	Year = {2013}}

@article{Foti2013,
	Author = {Foti, N. and Williamson, S.},
	Journal = {Pattern Analysis and Machine Intelligence, IEEE Transactions on},
	Number = {99},
	Publisher = {IEEE},
	Title = {A Survey of Non-Exchangeable Priors for Bayesian Nonparametric Models},
	Volume = {PP},
	Year = {2013}}

@article{Orbanz2012,
	Author = {Orbanz, P.},
	Journal = {Draft},
	Title = {Lecture Notes on Bayesian Nonparametrics},
	Year = {2012}}

@article{Foti2012,
	Author = {Foti, Nicholas J and Futoma, Joseph D and Rockmore, Daniel N and Williamson, Sinead},
	Journal = {arXiv preprint arXiv:1211.4753},
	Title = {A unifying representation for a class of dependent random measures},
	Year = {2012}}

@inproceedings{karimi2016smart,
	Author = {Karimi, M. and Tavakoli, E. and Farajtabar, M. and Song, L. and Gomez-Rodriguez, M.},
	Booktitle = {Proceedings of the 22nd ACM SIGKDD International Conference on Knowledge Discovery and Data Mining},
	Title = {{Smart Broadcasting: Do you want to be seen?}},
	pages={1635--1644},
	Year = {2016}}

@inproceedings{zhao2015seismic,
	Author = {Zhao, Q. and Erdogdu, M. and He, H. and Rajaraman, A. and Leskovec, J.},
	Booktitle = {Proceedings of the 21st ACM SIGKDD International Conference on Knowledge Discovery and Data Mining},
	Title = {SEISMIC: A Self-Exciting Point Process Model for Predicting Tweet Popularity},
	pages={1513--1522},
	Year = {2015}}


@inproceedings{wang2017variational,
	Author = {Wang, Y. and Williams, G. and Theodorou, E. and Song, L.},
	Booktitle = {Proceedings of the 34th International Conference on Machine Learning},
	Title = {Variational Policy for Guiding Point Processes},
	pages = {3684--3693},
    volume = {70},
	Year = {2017}}

@inproceedings{CheWanWan2010,
	Author = {Chen, W. and Wang, C. and Wang, Y.},
	Booktitle = {Proceedings of the 16th ACM SIGKDD International Conference on Knowledge Discovery and Data Mining},
	Title = {Scalable influence maximization for prevalent viral marketing in large-scale social networks},
	pages={1029--1038},
	Year = {2010}}

@inproceedings{RicDom02,
	Author = {Richardson, M. and Domingos, P.},
	Booktitle = {Proceedings of the 8th ACM SIGKDD International Conference on Knowledge Discovery and Data Mining},
	Title = {Mining knowledge-sharing sites for viral marketing},
	Year = {2002}}

@inproceedings{CheWanYan09,
	Author = {Chen, Wei and Wang, Yajun and Yang, Siyu},
	Booktitle = {Proceedings of the 15th ACM SIGKDD International Conference on Knowledge Discovery and Data Mining},
	Title = {Efficient influence maximization in social networks},
	Year = {2009}}

@inproceedings{RodSch12,
	Author = {Rodriguez, M.G. and Sch{\"o}lkopf, B.},
	Booktitle = {Proceedings of the 29th International Conference on Machine Learning},
	Title = {Influence Maximization in Continuous Time Diffusion Networks},
	Year = 2012}

@inproceedings{spasojevic2015post,
	Author = {Spasojevic, N. and Li, Z. and Rao, A. and Bhattacharyya, P.},
	Booktitle = {Proceedings of the 21st ACM SIGKDD International Conference on Knowledge Discovery and Data Mining},
	Title = {When-to-post on social networks},
	pages={2127--2136},
	Year = {2015}}

@book{carroll1917through,
	Author = {Carroll, L.},
	Publisher = {Rand, McNally},
	Title = {Through the looking glass: And what Alice found there},
	Year = {1917}}

@inproceedings{reddy2016unbounded,
	Author = {Reddy, S. and Labutov, I. and Banerjee, S. and Joachims, T.},
	Booktitle = {Proceedings of the 22nd ACM SIGKDD International Conference on Knowledge Discovery and Data Mining},
	Title = {Unbounded Human Learning: Optimal Scheduling for Spaced Repetition},
	pages={1815--1824},
	Year = {2016}}

@article{LeskovecCKFG10,
	Author = {J. Leskovec and D. Chakrabarti and J. M. Kleinberg and C. Faloutsos and Z. Ghahramani},
	Journal = {Journal of Machine Learning Research},
	Number = {2},
	Pages = {985--1042},
	Title = {Kronecker graphs: An approach to modeling networks},
	Volume = {11},
	Year = {2010}}

@inproceedings{Valera2015,
	Author = {Valera, I. and Gomez-Rodriguez, M.},
	Booktitle = {IEEE International Conference on Data Mining},
	Title = {Modeling Diffusion of Competing Products and Conventions in Social Media},
	pages = {409--418},
	Year = {2015}}

@conference{de2016learning,
	Author = {De, A. and Valera, I. and Ganguly, N. and Bhattacharya, S. and Gomez-Rodriguez, M.},
	Booktitle = {Advances in Neural Information Processing Systems},
	Title = {Learning and Forecasting Opinion Dynamics in Social Networks},
	pages = {397--405},
	Year = {2016}}

@conference{reliability2017tabibian,
	Author = {Tabibian, B. and Valera, I. and Farajtabar, M. and Song, L. and Schoelkopf, B. and Gomez-Rodriguez, M.},
	Booktitle = {Proceedings of the 26th International Conference on World Wide Web},
	Title = {Distilling Information Reliability and Source Trustworthiness from Digital Traces},
    pages={847--855},
	Year = {2017}}

@conference{hdhp2017learning,
	Author = {Mavroforakis, C. and Valera, I. and Gomez-Rodriguez, M.},
	Booktitle = {Proceedings of the 26th International Conference on World Wide Web},
	Title = {Modeling the Dynamics of Online Learning Activity},
    pages = {1421--1430},
	Year = {2017}}

@article{lewis1979simulation,
	Author = {Lewis, P. A. and Shedler, G. S.},
	Journal = {Naval research logistics quarterly},
	Number = {3},
	Pages = {403--413},
	Publisher = {Wiley Online Library},
	Title = {Simulation of nonhomogeneous Poisson processes by thinning},
	Volume = {26},
	Year = {1979}}

@inproceedings{friggeri2014rumor,
	Author = {Friggeri, A. and Adamic, L. and Eckles, D. and Cheng, J.},
	Booktitle = {Proceedings of the 8th International AAAI Conference on Weblogs and Social Media},
	Title = {Rumor Cascades},
	Pages = {101--110},
	Year = {2014}}

@article{backstrom2011center,
	Author = {Backstrom, L. and Bakshy, E. and Kleinberg, J. M. and Lento, T. M. and Rosenn, I.},
	Journal = {Proceedings of the 5th International AAAI Conference on Weblogs and Social Media},
	Title = {Center of Attention: How Facebook Users Allocate Attention across Friends.},
	pages = {34--41}
	Year = {2011}}

@conference{gomez14icwsm,
	Author = {Gomez-Rodriguez, M. and Gummadi, K. and Sch{\"o}lkopf, B.},
	Booktitle = {Proceedings of the 8th International AAAI Conference on Weblogs and Social Media},
	Title = {Quantifying Information Overload in Social Media and its Impact on Social Contagions},
	pages={170--179},
	Year = {2014}}

@article{hodas2012visibility,
	Author = {Hodas, N. and Lerman, K.},
	Journal = {SocialCom},
	Title = {How visibility and divided attention constrain social contagion},
	pages={249--257},
	Year = {2012}}

@article{miritello2013limited,
	Author = {Miritello, Giovanna and Lara, Rub{\'e}n and Cebrian, Manuel and Moro, Esteban},
	Journal = {Scientific reports},
	Title = {Limited communication capacity unveils strategies for human interaction},
	Volume = {3},
	Year = {2013}}

@incollection{kang2015vip,
	Author = {Kang, J. H. and Lerman, K.},
	Booktitle = {Social Computing, Behavioral-Cultural Modeling, and Prediction},
	Pages = {101--110},
	Publisher = {Springer},
	Title = {VIP: Incorporating human cognitive biases in a probabilistic model of retweeting},
	Year = {2015}}

@article{lerman2014leveraging,
	Author = {Lerman, K. and Hogg, T.},
	Journal = {PloS one},
	Number = {6},
	Title = {Leveraging position bias to improve peer recommendation},
	Volume = {9},
	Year = {2014}}

@conference{chenhao14,
	Author = {Chenhao, T. and Lee, L. and Pang, B.},
	Booktitle = {Proceedings of the 52nd Annual Meeting of the Association for Computational Linguistics},
	Title = {The effect of wording on message propagation: Topic- and author-controlled natural experiments on Twitter},
	Year = {2014}}

@inproceedings{lakkaraju2013s,
	Author = {Lakkaraju, Himabindu and McAuley, Julian J and Leskovec, Jure},
	Booktitle = {Proceedings of the 7th International AAAI Conference on Weblogs and Social Media},
	Title = {What's in a Name? Understanding the Interplay between Titles, Content, and Communities in Social Media.},
	Year = {2013}}

@article{wang2016stochastic,
	Author = {Wang, Y. and Theodorou, E. and Verma, A. and Song, L.},
	Journal = {arXiv preprint arXiv:1603.09021},
	Title = {A Stochastic Differential Equation Framework for Guiding Online User Activities in Closed Loop},
	Year = {2016}}

@inproceedings{navaroli2015modeling,
	Author = {Navaroli, N. and Smyth, P.},
	Booktitle = {Proceedings of the 9th International AAAI Conference on Web and Social Media},
	Title = {Modeling Response Time In Digital Human Communication},
	Year = {2015}}

@article{blumenthal1957extended,
	Author = {Blumenthal, R. M.},
	Journal = {Transactions of the American Mathematical Society},
	Number = {1},
	Pages = {52--72},
	Title = {An extended Markov property},
	Volume = {85},
	Year = {1957}}

@article{cha2010measuring,
	Author = {Cha, M. and Haddadi, H. and Benevenuto, F. and Gummadi, P. K.},
	Journal = {Proceedings of the 4th International AAAI Conference on Weblogs and Social Media},
	Title = {{Measuring User Influence in Twitter: The Million Follower Fallacy}},
	number={10-17},
	Year = {2010}}

@inproceedings{goel2012structure,
	Author = {Goel, S. and Watts, D. J. and Goldstein, D. G.},
	Booktitle = {Proceedings of the 13th ACM conference on electronic commerce},
	Title = {The structure of online diffusion networks},
	pages={623--638},
	Year = {2012}}

@inproceedings{rizoiu2017expecting,
	Author = {Rizoiu, M. A. and Xie, L. and Sanner, S. and Cebrian, M. and Yu, H. and Hentenryck, P. V.},
	Booktitle = {Proceedings of the 26th International Conference on World Wide Web},
	Title = {Expecting to be HIP: Hawkes Intensity Processes for Social Media Popularity},
    pages={735--744},
	Year = {2017}}

@inproceedings{xu2017learning,
	Author = {Xu, H. and Luo, D. and Zha, H.},
	Booktitle = {Proceedings of the 34th International Conference in Machine Learning},
	Title = {Learning Hawkes Processes from Short Doubly-Censored Event Sequences},
	Year = {2017}}
